<record><leader>00000cas a22000007a 4500</leader><controlfield tag="001">10839023</controlfield><controlfield tag="008">840613d18721979iauwr ne      0    0eng d</controlfield><datafield ind1=" " ind2=" " tag="010"><subfield code="a">sn 84027025 </subfield></datafield><datafield ind1=" " ind2=" " tag="040"><subfield code="a">NPU</subfield><subfield code="b">eng</subfield><subfield code="c">NPU</subfield><subfield code="d">NPX</subfield><subfield code="d">INP</subfield><subfield code="d">OCLCQ</subfield></datafield><datafield ind1=" " ind2=" " tag="042"><subfield code="a">msc</subfield></datafield><datafield ind1="0" ind2="4" tag="245"><subfield code="a">The Anamosa journal.</subfield></datafield><datafield ind1=" " ind2=" " tag="260"><subfield code="a">Anamosa, Iowa :</subfield><subfield code="b">A.L. Smith,</subfield><subfield code="c">-1979.</subfield></datafield><datafield ind1=" " ind2=" " tag="300"><subfield code="a">v. ;</subfield><subfield code="c">66 cm.</subfield></datafield><datafield ind1=" " ind2=" " tag="310"><subfield code="a">Weekly</subfield></datafield><datafield ind1="0" ind2=" " tag="362"><subfield code="a">-v. 111, no. 48 (Dec. 1, 1979).</subfield></datafield><datafield ind1="1" ind2=" " tag="362"><subfield code="a">Began in Dec. 1872.</subfield><subfield code="z">Cf. NIM.</subfield></datafield><datafield ind1=" " ind2=" " tag="500"><subfield code="a">Publishers: Charles Monger, 1875-1903; E.R. Moore, 1904-1914; Charles J. Cash, 1915- ; Thomas Powell, Jr. and Dick and Charles Westerfield, 1939- ; Thomas Powell and Tom Powell III, -1968; Anamosa Newspapers, Inc., 1968- Cf. Anamosa journal-eureka, July 22, 1981.</subfield></datafield><datafield ind1=" " ind2=" " tag="500"><subfield code="a">Special centennial edition published as Vol. 67, no. 36 (Aug. 18, 1938).</subfield></datafield><datafield ind1=" " ind2=" " tag="500"><subfield code="a">Each issue includes sections called: Wyoming journal, and Oxford mirror, Aug. 7, 1952-</subfield></datafield><datafield ind1=" " ind2=" " tag="500"><subfield code="a">Originally edited by: A.L. Smith.</subfield></datafield><datafield ind1=" " ind2=" " tag="588"><subfield code="a">Description based on: Vol. 1, no. 44 (Jan. 8, 1873).</subfield></datafield><datafield ind1=" " ind2=" " tag="752"><subfield code="a">United States</subfield><subfield code="b">Iowa</subfield><subfield code="c">Jones</subfield><subfield code="d">Anamosa.</subfield></datafield><datafield ind1=" " ind2=" " tag="752"><subfield code="a">United States</subfield><subfield code="b">Iowa</subfield><subfield code="c">Jones</subfield><subfield code="d">Wyoming.</subfield></datafield><datafield ind1=" " ind2=" " tag="752"><subfield code="a">United States</subfield><subfield code="b">Iowa</subfield><subfield code="c">Jones</subfield><subfield code="d">Oxford Junction.</subfield></datafield><datafield ind1="0" ind2="5" tag="780"><subfield code="t">Wyoming journal (Wyoming, Iowa : 1875)</subfield><subfield code="g">1952</subfield><subfield code="w">(DLC)sn 84038743</subfield></datafield><datafield ind1="0" ind2="5" tag="780"><subfield code="t">Oxford mirror</subfield><subfield code="g">1952</subfield><subfield code="w">(DLC)sn 85050855</subfield></datafield><datafield ind1="0" ind2="7" tag="785"><subfield code="t">Anamosa eureka</subfield><subfield code="w">(DLC)sn 84027024</subfield></datafield><datafield ind1="0" ind2="7" tag="785"><subfield code="t">Anamosa journal-eureka</subfield><subfield code="w">(DLC)sn 85050854</subfield></datafield><datafield ind1="1" ind2=" " tag="787"><subfield code="t">Wyoming journal</subfield></datafield><datafield ind1="1" ind2=" " tag="787"><subfield code="t">Oxford mirror</subfield></datafield></record>